<?xml version="1.0" encoding="UTF-8"?><record xmlns="http://www.loc.gov/MARC21/slim" xmlns:cinclude="http://apache.org/cocoon/include/1.0" xmlns:zs="http://www.loc.gov/zing/srw/">
  <leader>00608cz  a2200181n  4500</leader>
  <controlfield tag="001">no 96026717 </controlfield>
  <controlfield tag="003">DLC</controlfield>
  <controlfield tag="005">20000823064310.0</controlfield>
  <controlfield tag="008">960523n| acannaabn          |a aaa     c</controlfield>
  <datafield tag="010" ind1=" " ind2=" ">
    <subfield code="a">no 96026717 </subfield>
  </datafield>
  <datafield tag="035" ind1=" " ind2=" ">
    <subfield code="a">(OCoLC)oca04084922</subfield>
  </datafield>
  <datafield tag="040" ind1=" " ind2=" ">
    <subfield code="a">ViU</subfield>
    <subfield code="c">ViU</subfield>
    <subfield code="d">CLU</subfield>
  </datafield>
  <datafield tag="100" ind1="1" ind2=" ">
    <subfield code="a">Veere, H. van der</subfield>
  </datafield>
  <datafield tag="400" ind1="1" ind2=" ">
    <subfield code="a">Van der Veere, H.</subfield>
  </datafield>
  <datafield tag="400" ind1="1" ind2=" ">
    <subfield code="a">Veere, Henny van der</subfield>
  </datafield>
  <datafield tag="400" ind1="1" ind2=" ">
    <subfield code="a">Veere, Hendrik van der</subfield>
  </datafield>
  <datafield tag="670" ind1=" " ind2=" ">
    <subfield code="a">Function and meaning in Buddhist art, 1995:</subfield>
    <subfield code="b">t.p. (H. van der Veere)</subfield>
  </datafield>
  <datafield tag="670" ind1=" " ind2=" ">
    <subfield code="a">A study into the thought of KoĚgyoĚ Daishi Kakuban, 2000:</subfield>
    <subfield code="b">t.p. (Henny van der Veere) p. 278 (Veere, Hendrik van der)</subfield>
  </datafield>
</record>